<record><leader>00000cas a22000007a 4500</leader><controlfield tag="001">13071438</controlfield><controlfield tag="008">860128d19061911idudn ne      0    0eng d</controlfield><datafield ind1=" " ind2=" " tag="010"><subfield code="a">sn 86091078 </subfield></datafield><datafield ind1=" " ind2=" " tag="040"><subfield code="a">UNP</subfield><subfield code="b">eng</subfield><subfield code="c">UNP</subfield><subfield code="d">NVB</subfield><subfield code="d">OCLCQ</subfield><subfield code="d">OCLCF</subfield><subfield code="d">OCLCO</subfield></datafield><datafield ind1="1" ind2=" " tag="029"><subfield code="a">AU@</subfield><subfield code="b">000025794568</subfield></datafield><datafield ind1=" " ind2=" " tag="042"><subfield code="a">msc</subfield></datafield><datafield ind1=" " ind2=" " tag="043"><subfield code="a">n-us-id</subfield></datafield><datafield ind1=" " ind2="4" tag="050"><subfield code="a">AN2.I2</subfield><subfield code="b">D34</subfield></datafield><datafield ind1="0" ind2="0" tag="245"><subfield code="a">Daily Idaho press.</subfield></datafield><datafield ind1=" " ind2=" " tag="260"><subfield code="a">Wallace, Idaho :</subfield><subfield code="b">Idaho Press Pub. Co.</subfield></datafield><datafield ind1=" " ind2=" " tag="300"><subfield code="a">v. :</subfield><subfield code="b">ill.</subfield></datafield><datafield ind1=" " ind2=" " tag="310"><subfield code="a">Daily (except Sun.)</subfield></datafield><datafield ind1="1" ind2=" " tag="362"><subfield code="a">Began with Sept. 3, 1906 issue; ceased with Jan. 25, 1911 issue.</subfield></datafield><datafield ind1=" " ind2=" " tag="580"><subfield code="a">Weekly ed.: Idaho press.</subfield></datafield><datafield ind1=" " ind2=" " tag="588"><subfield code="a">Description based on: Vol. 1, no. 10 (Nov. 5, 1906).</subfield></datafield><datafield ind1=" " ind2="0" tag="651"><subfield code="a">Wallace (Idaho)</subfield><subfield code="v">Newspapers.</subfield></datafield><datafield ind1=" " ind2="7" tag="655"><subfield code="a">Newspapers.</subfield><subfield code="2">fast</subfield><subfield code="0">(OCoLC)fst01423814</subfield></datafield><datafield ind1=" " ind2="7" tag="651"><subfield code="a">Idaho</subfield><subfield code="z">Wallace.</subfield><subfield code="2">fast</subfield><subfield code="0">(OCoLC)fst01220463</subfield></datafield><datafield ind1=" " ind2=" " tag="752"><subfield code="a">United States</subfield><subfield code="b">Idaho</subfield><subfield code="c">Shoshone</subfield><subfield code="d">Wallace.</subfield></datafield><datafield ind1="1" ind2=" " tag="775"><subfield code="t">Idaho press</subfield><subfield code="w">(DLC)sn 86091081</subfield><subfield code="w">(OCoLC)13072131</subfield></datafield><datafield ind1="0" ind2="7" tag="785"><subfield code="t">Wallace record</subfield><subfield code="w">(DLC)sn 86091074</subfield></datafield><datafield ind1="0" ind2="7" tag="785"><subfield code="t">Daily press-times</subfield><subfield code="w">(DLC)sn 86091076</subfield></datafield></record>